001  0000161
005  20180707125922.229
008  170720s||||     bl|||||||||||||||||por|u
020    $a9788563759122
040    $aPorto Alegre$bpor
082    $2869.0(81)-1$a1997
090    $a869.0(81)-1$bS712
100 1  $aRose, Lilian; Rocha, Marques e outros (org.)
245 10 $aSopapo poético$bantologia poética$cLilian Rose; Marques da Rocha e outros (org.)
260    $aPorto Alegre$bPonto Negra da poesia$c2015
300    $a188 p.
650    $aArte
650    $aCultura negra
650    $aPoesia
